2338 2980
1253 105 1299 141 52

1009 185 1065 218 53.
1119 184 1270 231 quczcla
1293 185 1494 232 yerreo'lcles
1521 185 1619 219 Blkr.

619 297 657 329 φφ
709 283 872 316 Mentum
897 294 972 316 non
999 282 1055 316 vcl
1082 283 1141 316 vix
1165 295 1373 317 concavum.
1426 283 1597 317 Rostrum
1628 287 1853 330 protractum
1883 284 2000 330 capite
2017 284 2100 331 plus
2118 285 2233 332 duplo

713 344 866 377 brevius.

664 407 682 439 ό
733 404 849 438 Fascia
876 404 1158 439 oculo-caudalis
1183 405 1257 439 lata
1284 405 1386 440 flava.
1441 405 1558 439 Pinna
1585 404 1732 440 dorsalis
1770 407 1910 453 spinosa
1949 407 2092 441 macula
2130 419 2234 454 mag-

736 478 783 499 na
810 466 926 511 nigra.

715 529 732 559 ὁ
784 526 937 561 Dorsum
964 530 1089 561 ventre
1115 527 1174 561 vix
1199 527 1398 561 convcxius,
1453 527 1584 573 Spinae
1618 527 1789 563 frontales
1815 529 1873 564 vix
1906 530 2129 576 conspicuae.

1010 624 1067 658 524.
1123 624 1272 672 Equula
1298 625 1405 659 (lacer
1431 624 1501 659 CV.

666 723 708 756 66
759 722 867 755 Linea
894 722 1053 756 lateralis
1078 723 1182 757 flava.

713 787 731 818 ὁ
783 783 935 817 Dorsum
962 788 1087 818 ventre
1121 784 1238 818 multo
1263 785 1463 819 convexius.
1518 784 1649 831 Spinae
1677 785 1847 820 frontales
1873 786 1977 820 valde
2007 787 2231 833 conspicuae.

1007 881 1063 914 55.
1117 881 1270 928 Equulco
1294 881 1468 928 [somorah
1494 882 1566 916 CV.

563 979 598 1016 ᾖ·
650 979 759 1012 Linea
794 978 956 1012 lateralis
982 978 1027 1012 ad
1061 979 1214 1013 caudam
1242 980 1487 1026 inconspicua.

615 1053 635 1084 Q
686 1040 848 1073 Mentuin
877 1041 933 1074 vix
960 1041 1016 1074 vel
1048 1052 1123 1074 non
1157 1053 1364 1075 concavum.
1419 1042 1587 1075 Rostrum
1617 1046 1843 1088 protractum
1870 1042 2008 1077 declive
2035 1043 2152 1090 capite
2165 1044 2234 1077 du-

689 1101 751 1146 plo
781 1101 934 1135 brevius.

665 1162 683 1194 ὁ
735 1162 869 1194 Venter
896 1162 997 1196 dorso
1023 1163 1222 1197 convenior.
1278 1163 1408 1208 Spinac
1443 1163 1614 1197 frontales
1641 1164 1745 1198 valde
1773 1165 1995 1211 conspicuae.

714 1224 732 1254 ὁ
784 1222 902 1256 Pinna
933 1224 1080 1258 dorsalis
1106 1225 1225 1257 antioc
1254 1224 1396 1257 macula
1422 1225 1642 1258 aurantiuca.

1009 1321 1064 1354 56.
1119 1321 1271 1368 qucula
1300 1321 1485 1356 hinclo'z'des
1512 1322 1610 1356 Blkr.

519 1419 574 1452 hh.
629 1417 767 1463 Corpus
794 1417 995 1464 oblongum
1031 1419 1230 1453 altitudine
1257 1419 1278 1451 3
1306 1419 1351 1453 ad
1376 1419 1399 1452 -74
1425 1421 1464 1453 in
1491 1420 1567 1464 ejus
1597 1420 1841 1466 longitudine.

567 1479 584 1515 1·
635 1479 743 1512 Linea
771 1479 929 1513 lateralis
958 1480 1003 1513 ad
1030 1480 1182 1513 caudam
1210 1480 1385 1515 desinens.
1421 1480 1669 1515 Convcxitates
1695 1481 1789 1514 dorsi
1815 1481 2023 1526 ventrisque
2050 1481 2232 1526 aequales.

637 1539 769 1586 Spinae
798 1540 968 1574 frontalcs
994 1541 1099 1575 valde
1131 1542 1353 1587 conspicuae.

615 1613 634 1644 Q
685 1600 847 1634 Mcntum
882 1602 940 1634 vix
967 1602 1022 1635 vcl
1049 1614 1121 1634 non
1152 1614 1361 1635 concavum.

662 1662 681 1693 6
732 1661 901 1695 Rostrum
930 1666 1157 1707 protractum
1192 1663 1308 1707 capite
1334 1663 1456 1696 minus
1489 1662 1602 1708 duplo
1630 1662 1783 1697 brevius.
1837 1663 2008 1696 Altitudo
2039 1664 2195 1709 corporis
2214 1663 2237 1696 3

735 1722 780 1755 ad
808 1721 878 1761 3¹l5
908 1722 947 1755 in
980 1723 1055 1767 ejus
1082 1723 1326 1769 longitudine.

1004 1819 1060 1852 57.
1114 1818 1267 1866 Equula
1295 1820 1467 1855 lineolam
1493 1821 1563 1855 CV.

661 1916 702 1948 66
754 1915 924 1949 Rostrum
952 1920 1178 1962 protractum
1207 1918 1326 1964 capite
1353 1918 1466 1964 duplo
1494 1918 1647 1953 brevius.
1702 1917 1872 1952 Altitudo
1898 1919 2055 1964 corporis
2088 1918 2157 1958 32l3
2187 1919 2232 1952 ad

760 1976 779 2009 [ι
810 1978 846 2009 in
883 1978 958 2021 cjus
985 1978 1229 2024 longitudine.

1006 2087 1063 2120 58.
1117 2087 1268 2134 Eqmda
1295 2089 1447 2136 olllonyco
1473 2088 1544 2123 CV.

368 2196 410 2229 ΙΙ,
465 2197 508 2230 Os
542 2196 580 2229 in
610 2195 744 2229 tubum
780 2196 1039 2230 liorizontalem
1068 2198 1123 2231 vel
1158 2210 1298 2232 sursum
1331 2199 1551 2245 protractile.
1606 2198 1736 2232 Dentes
1767 2198 1970 2232 maxillares
1998 2198 2110 2244 parvi.

416 2258 458 2291 A.
514 2256 633 2302 Caput
667 2261 891 2290 truncatum.
946 2258 1088 2292 Maxilla
1114 2259 1263 2293 inferior
1292 2260 1482 2293 verticalis.

466 2331 498 2351 a.
553 2318 663 2363 Spina
698 2318 846 2351 dorsalis
880 2318 921 2351 02³
949 2323 1023 2352 tota
1051 2332 1163 2361 ossea,
1193 2320 1393 2354 altitudine
1423 2321 1579 2366 corporis
1605 2320 1687 2366 plus
1714 2320 1828 2366 duplo
1863 2320 2016 2354 brevior.

513 2391 570 2413 aa.
624 2378 734 2411 Linea
761 2379 918 2412 lateralis
951 2380 995 2413 ad
1023 2381 1174 2414 caudam
1190 2382 1364 2416 desinens.
1418 2381 1596 2427 Squamae
1622 2394 1753 2427 parvae
1769 2382 1980 2427 conspicuae
2011 2380 2093 2427 plus
2117 2392 2229 2425 quam

629 2439 675 2472 50
702 2439 741 2472 in
768 2440 854 2473 serie
885 2440 1162 2486 longitudinali.

563 2500 580 2537 ‘t'
630 2499 800 2534 Altitudo
835 2502 994 2546 corporis
1029 2501 1098 2542 ⁶2¹&
1128 2503 1173 2536 ad
1201 2503 1222 2537 3
1256 2504 1295 2537 in
1322 2504 1396 2548 ejus
1423 2502 1667 2549 longitudine„
