2338 2980
1216 101 1265 138 22

459 196 491 216 ιι.
544 181 676 216 Carina
703 181 861 216 lateralis
887 181 1022 216 elevata
1057 180 1214 227 oblonga
1247 180 1456 214 rotundata.
1510 180 1635 216 Gauda
1669 181 1802 226 postica
1836 183 1913 215 tota
1946 192 2145 227 squamosa.

506 256 564 277 aa.
620 243 740 289 Caput
768 243 849 289 plus
875 254 987 288 quam
1022 242 1128 276 sexies
1162 243 1202 275 in
1230 241 1464 287 longitudine
1490 242 1657 287 corporis.

553 303 570 340 'i‘
621 304 758 337 Pinnae
789 303 948 337 caudalis
977 302 1043 341 4¹l2
1073 303 1112 336 in
1157 302 1389 349 longitudine
1420 302 1596 348 corporis,
1638 302 1786 337 dorsalis
1811 303 1953 349 spinosa
1989 302 2127 337 radiosa
2153 302 2224 336 du-

620 364 681 410 plo
711 364 898 397 humilior.

603 437 623 469 o
675 425 791 460 Fascia
821 424 895 458 lata
920 424 1104 470 nigricans
1136 423 1384 458 dorso-unalis.

947 520 980 554 5.
1037 519 1194 567 Cybium
1223 520 1473 554 Crooelaewitii
1498 519 1597 554 Blkr.

457 620 489 653 h.
543 619 675 652 Carina
708 618 863 651 lateralis
889 617 1111 652 humillima.
1165 617 1292 653 Gauda
1322 618 1455 664 postiee
1483 617 1641 652 maxima
1670 622 1772 664 parte
1796 618 1991 665 alepidota.

504 693 562 714 αα.
617 679 737 725 Caput
769 678 834 722 572
865 677 911 711 ad
938 677 1002 723 534
1034 679 1073 712 in
1100 678 1334 725 longitudine
1364 678 1531 724 corporis.

553 740 570 777 ‘1⁴
620 740 738 773 Pinna
772 739 932 773 caudalis
962 738 1030 781 [ΝΛ
1063 739 1108 773 ad
1131 739 1152 772 ³5
1183 740 1222 773 in
1256 739 1491 786 longitudine
1523 740 1690 786 corporis.

603 813 622 844 o
673 800 799 833 Latera
825 800 976 834 maculis
1002 800 1169 834 rotundis
1198 801 1323 846 nigris.

960 896 994 930 6.
1051 896 1209 944 Cyhizcm
1231 903 1420 943 quitatum
1445 897 1516 932 CV.

358 996 403 1030 Π,
456 996 600 1030 Maxilla
626 995 788 1041 superior
818 994 988 1028 inferiore
1013 994 1166 1041 longior.

407 1057 449 1091 A.
503 1057 615 1090 Linea
641 1056 801 1090 lateralis
827 1068 941 1101 usque
972 1055 1038 1089 sub
1066 1056 1189 1101 pinnis
1215 1055 1416 1090 dorsalibus
1445 1057 1577 1102 spuriis
1605 1061 1765 1091 curvata.

455 1130 488 1152 a.
542 1117 675 1151 Carina
718 1117 878 1150 lateralis
899 1116 1109 1162 junioribus
1151 1122 1187 1150 et
1213 1117 1349 1151 adultis
1387 1117 1492 1152 valde
1518 1118 1679 1152 humilis.
1733 1117 1859 1152 Gauda
1900 1118 2034 1165 postice
2063 1118 2221 1153 maxima

544 1182 647 1224 parte
673 1178 866 1224 alepidota.

505 1252 562 1273 aa.
616 1239 738 1285 Caput
779 1239 848 1278 3³ss
877 1238 923 1271 ad
960 1238 1027 1278 43Ιᾶ
1063 1239 1103 1273 in
1129 1238 1364 1284 longitudine
1401 1239 1567 1286 eorporis.
1621 1240 1732 1287 Regio
1774 1240 2008 1287 postoeularis
2034 1251 2221 1287 squamosa

616 1299 863 1346 praeopereuli
891 1299 1048 1332 limbum
1078 1300 1310 1345 posteriorem
1335 1312 1409 1334 non
1436 1301 1631 1347 attingens.

553 1361 569 1399 ’λ’
623 1362 759 1394 Pinnae
790 1360 937 1394 dorsalis
963 1361 1104 1406 spinosa
1134 1360 1271 1394 radiosa
1298 1361 1507 1406 junioribus
1534 1362 1642 1396 altior
1668 1361 1805 1396 adultis
1834 1362 2032 1405 humilior,
2059 1361 2221 1396 caudalis

617 1422 682 1462 51l2
711 1421 756 1455 ad
783 1421 805 1454 G
832 1422 870 1454 in
897 1421 1131 1467 longitudine
1156 1422 1322 1468 corporis.

601 1495 621 1528 9
671 1483 825 1517 Dorsum
851 1487 886 1516 ct
916 1482 1029 1516 latera
1059 1482 1173 1516 fasciis
1202 1487 1238 1516 et
1272 1483 1423 1517 maculis
1453 1483 1618 1531 oblongis
1651 1484 1861 1520 transversis
1886 1483 2166 1531 nigricantibus.

967 1592 1001 1626 7.
1059 1591 1217 1639 Cybium
1244 1593 1375 1627 honam
1401 1593 1499 1627 Blkr.

456 1708 488 1741 l).
541 1706 673 1740 Carina
704 1705 864 1739 lateralis
895 1705 1031 1739 adultis
1061 1705 1272 1751 praesertim
1302 1703 1406 1738 valde
1435 1703 1572 1737 elevata
1603 1702 1760 1748 oblonga
1791 1702 1981 1747 angulata.

506 1780 563 1800 aa.
617 1766 739 1812 Caput
788 1766 809 1798 ὅ
851 1766 896 1799 ad
924 1765 993 1806 ²5¹&
1023 1766 1062 1798 in
1109 1765 1344 1811 longitudine
1389 1763 1556 1809 corporis.
1610 1763 1721 1808 Regio
1754 1762 1988 1809 postocularis
2032 1774 2219 1808 squamosa

613 1826 864 1872 praeoperculi
892 1825 1050 1858 limbum
1081 1825 1311 1871 posteriorem
1343 1824 1537 1869 attingens.

553 1887 569 1924 ἢ
619 1887 737 1920 Pinna
764 1885 911 1919 dorsalis
944 1886 1086 1931 spinosa
1114 1885 1251 1920 radiosa
1283 1884 1420 1918 adultis
1465 1884 1579 1930 duplo
1610 1883 1820 1930 junioribus
1853 1884 1976 1918 minus
2005 1883 2121 1930 duplo
2148 1884 2219 1918 hu-

618 1947 751 1980 milior.

600 2021 620 2052 Q
671 2008 795 2041 Latera
826 2008 935 2053 vulgo
966 2007 1116 2041 maculis
1148 2007 1312 2052 oblongis
1345 2005 1612 2052 nigricantibus
1635 2006 1675 2040 in
1704 2005 1805 2040 series
1841 2004 2216 2051 longitudinalesdis-

677 2069 809 2114 positis.

967 2178 1000 2210 8.
1057 2176 1214 2224 Cyhium
1246 2177 1456 2211 Iineolalum
1483 2176 1552 2211 GV.

406 2275 688 2311 TRICHIURL'S
714 2275 785 2309 CV.

359 2388 385 2420 Ι.
439 2385 546 2420 Oculi
579 2384 756 2418 diametro
787 2382 809 2416 6
840 2383 885 2417 ad
915 2383 936 2416 7
964 2384 1002 2417 in
1031 2384 1264 2430 longitudine
1293 2384 1439 2430 eapitis,
1467 2383 1490 2416 9...
1520 2383 1559 2416 in
1592 2381 1824 2429 longitudine
1853 2383 1967 2417 rostri.

405 2447 447 2481 A.
502 2446 619 2479 Pinna
654 2444 801 2478 dorsalis
832 2445 949 2477 antico
981 2444 1077 2478 fusca
1108 2446 1161 2479 vel
1191 2446 1307 2491 nigra.

454 2520 487 2541 a.
541 2506 653 2552 Spina
679 2505 796 2539 analis
830 2503 867 2537 1ss
892 2506 1004 2551 spinis
1033 2506 1157 2541 ceteris
1187 2506 1359 2552 aequalis.
