2351 3006
1032 172 1080 209 23

802 254 835 287 9.
893 252 1111 288 Tricliiurus
1145 252 1314 286 haumala
1338 252 1408 286 CV.

177 356 220 389 ΙΙ.
274 353 378 389 Oculi
409 352 585 386 diametro
608 350 674 394 6¹AE
703 350 748 384 ad
778 350 823 384 10
851 351 891 384 in
921 349 1155 396 longitudine
1179 349 1323 395 capitis,
1354 349 1419 393 &72
1452 347 1497 382 ad
1528 347 1550 381 -'4
1578 348 1617 382 in
1654 348 1883 395 longitudine
1913 351 2028 384 rostri.

225 416 267 449 A.
320 415 437 448 Pinna
463 412 611 446 dorsalis
639 412 756 445 aulice
782 411 885 445 flava.

271 488 303 509 (ι,
358 474 470 520 Spina
504 472 619 507 analis
653 472 690 505 112
715 472 828 518 spinis
853 471 1088 517 sequentibus
1120 470 1240 504 multo
1267 470 1422 516 longior.

789 580 843 614 10.
901 579 1120 615 Trielzizcrus
1147 579 1273 614 savala
1299 579 1370 613 CV.

222 692 433 727 ELACATE
459 692 530 726 CV.

789 787 844 822 1¹1.
898 787 1051 822 Elaeam
1076 793 1191 822 motta
1217 786 1287 820 CV.

222 887 516 922 CHORINEML'S
542 886 613 921 CV.

171 997 198 1030 Ι.
252 996 430 1043 Squamae
458 996 619 1030 lineares.

221 1057 264 1091 A.
318 1057 461 1090 Maxilla
491 1057 653 1102 superior
681 1056 747 1090 sub
779 1056 898 1090 medio
924 1056 1027 1090 oculo
1053 1056 1217 1090 desinens
1243 1055 1265 1088 2
1295 1059 1331 1090 et:
1362 1055 1444 1101 plus
1466 1055 1505 1088 in
1536 1053 1769 1101 longitudine
1798 1054 1935 1099 capitis.

270 1131 304 1152 a.
358 1117 641 1164 Caputlongius
668 1129 781 1163 quam
809 1117 938 1151 altum.
992 1117 1130 1150 Pinnae
1153 1116 1246 1150 dorsi
1272 1117 1414 1162 spuriae
1444 1116 1623 1150 solitariae
1653 1115 1728 1148 basi
1762 1119 1905 1148 tantum
1922 1125 2036 1147 mem-

361 1178 476 1212 brana
509 1179 647 1212 unitae.

317 1251 376 1273 aa.
430 1238 556 1273 Latera
583 1239 733 1273 maculis
768 1238 1035 1284 nigricantibus
1062 1238 1225 1272 ovalibus
1252 1237 1308 1272 vel
1339 1237 1504 1284 oblongis
1531 1235 1772 1270 vertiealibus.

364 1299 382 1336 ”i
432 1300 551 1333 Pinna
581 1300 729 1334 dorsalis
756 1299 895 1334 radiosa
923 1300 1024 1346 apice
1048 1300 1166 1345 nigra.

784 1410 840 1444 12.
897 1409 1137 1443 Cliori'nemzcs
1165 1409 1213 1442 tol
1239 1408 1310 1442 CV.

171 1520 215 1553 II.
268 1519 445 1565 Squamae
471 1519 692 1554 lanceolatae
717 1519 774 1553 vel
804 1520 993 1554 rotundae.

218 1579 261 1613 A.
314 1580 459 1613 Maxilla
487 1581 649 1626 superior
680 1585 759 1626 post
790 1581 909 1614 oculos
939 1580 1128 1622 desinens,
1157 1579 1274 1625 capite
1300 1579 1422 1612 minus
1448 1578 1562 1624 duplo
1589 1577 1740 1611 brevior.

267 1653 301 1674 a.
354 1640 476 1687 Caput
505 1653 618 1686 aeque
649 1641 768 1674 altum
798 1653 837 1674 ac
872 1641 1026 1686 longum
1056 1641 1112 1673 vel
1142 1640 1252 1673 altius
1286 1652 1397 1685 quam
1428 1639 1591 1685 longum.

318 1714 377 1735 aa.
433 1701 571 1734 Pinnae
601 1701 755 1735 dorsales
780 1701 924 1747 spuriae
956 1700 1075 1734 media
1109 1699 1308 1732 altitudine
1338 1699 1549 1732 membrana
1580 1699 1717 1732 unitae.

364 1762 383 1775 -L

371 1778 377 1799 t
435 1762 593 1795 Maculae
622 1762 787 1795 laterales
818 1761 997 1795 rotundae
1025 1772 1134 1806 supra
1160 1760 1296 1793 lineam
1322 1760 1521 1794 lateralem.

786 1869 840 1903 13.
898 1869 1138 1904 Cliorinemus
1167 1867 1506 1902 Commersonimzzcs
1532 1867 1602 1902 CV.

321 1982 378 2017 hh.
432 1981 570 2014 Pinnae
597 1980 750 2014 dorsales
775 1980 919 2026 spuriae
949 1979 1129 2013 solitariae
1164 1978 1216 2011 vel
1251 1978 1326 2012 basi
1353 1982 1500 2012 tantum
1530 1976 1741 2011 membrana
1777 1977 1910 2010 unitae.

364 2042 382 2079 †
432 2041 590 2076 Maculae
624 2041 790 2075 laterales
817 2040 997 2086 oblongae
1027 2039 1212 2074 verticales
1241 2039 1377 2073 lineam
1412 2038 1599 2072 lateralem
1633 2042 1831 2084 tangentes.

786 2149 841 2183 14.
899 2149 1137 2184 Chorinemus
1166 2148 1254 2183 toloo
1280 2148 1352 2182 CV.

232 2259 269 2293 B.
323 2258 466 2294 Maxilla
494 2260 656 2307 superior
681 2259 748 2294 sub
782 2259 885 2293 oculo
915 2259 1097 2301 desinens,
1127 2259 1244 2305 capite
1273 2258 1388 2304 duplo
1416 2257 1568 2292 brevior.

272 2333 306 2353 (ι.
359 2320 478 2366 Caput
507 2322 651 2368 longius
677 2334 789 2367 qnam
815 2321 945 2355 altum.

324 2394 381 2415 aa.
437 2382 572 2415 Pinnae
602 2382 755 2416 dorsales
783 2383 926 2428 spuriae
956 2382 1031 2416 basi
1060 2385 1207 2415 tantum
1240 2380 1452 2414 membrana
1483 2381 1620 2414 unitae.

369 2442 386 2478 Τ
438 2442 593 2476 Maculae
623 2443 787 2477 laterales
816 2444 855 2477 in
887 2444 989 2478 series
1019 2443 1042 2476 2
1067 2442 1353 2489 longitudinales
1382 2454 1490 2489 supra
1520 2445 1555 2476 et
1584 2441 1679 2476 infra
1701 2441 1829 2475 lineam
1851 2438 2034 2474 lateralem

434 2502 632 2548 dispositae.

420 2576 439 2606 Q
490 2563 606 2597 Pinna
637 2564 783 2599 dorsalis
813 2565 951 2600 radiosa
984 2565 1084 2612 apice
1108 2565 1302 2611 nigricans.
